<?xml version="1.0" encoding="UTF-8"?><collection xmlns="http://www.loc.gov/MARC21/slim"><record><leader>00396nam--2200145-i-4500</leader><controlfield tag="001">000010208</controlfield><controlfield tag="002">20161230</controlfield><controlfield tag="005">20161230201028</controlfield><controlfield tag="008">060222s1000------------r-----000-0-eng-d</controlfield><datafield ind1=" " ind2=" " tag="040"><subfield code="a">IFIN-HH</subfield></datafield><datafield ind1=" " ind2=" " tag="100"><subfield code="a">Gastinel, Noel</subfield></datafield><datafield ind1=" " ind2=" " tag="245"><subfield code="a">Collection enseignement des sciences. linear numerical analysis</subfield></datafield><datafield ind1=" " ind2=" " tag="260"><subfield code="a">PARIS, HERMANN, 1970, 341 p</subfield></datafield><datafield ind1=" " ind2=" " tag="852"><subfield code="a">37106</subfield><subfield code="c">518.12</subfield></datafield><datafield ind1=" " ind2=" " tag="CAT"><subfield code="a">Sys</subfield><subfield code="c">20090702</subfield><subfield code="h">080150</subfield></datafield></record></collection>